@misc{EconomiaCircular,
        title = "O QUE É A ECONOMIA CIRCULAR?",
        author={{eco.nomia}},
        howpublished={Disponível em: \url{https://eco.nomia.pt/pt/economia-circular/estrategias}.Acesso em: 03 de outubro 2022},
        year="2022"}
        
@misc{EconomiaLinear,
        title = "Economia linear e circular: saiba qual é melhor para o ambiente",
        author={{Gold Energ}},
        howpublished={Disponível em: \url{https://goldenergy.pt/blog/sustentabilidade/economia-linear-e-circular/}.Acesso em: 03 de outubro 2022},
        year="2022"}
        
@misc{EconomiaCircular1,
         title = "Economia Circular",
        author={{Departamento de Gestão do Instituto Superior de Engenharia do Porto}},
        howpublished={Disponível em: \url{https://moodle.isep.ipp.pt/pluginfile.php/229595/mod_page/content/39/Economia_circular.pdf}.Acesso em: 03 de outubro 2022},
        year="2022"}

@misc{Planeamento,
         title = "Ambiente competitivo",
        author={{Departamento de Gestão do Instituto Superior de Engenharia do Porto}},
        howpublished={Disponível em: \url{https://moodle.isep.ipp.pt/pluginfile.php/229595/mod_page/content/39/Planeamento\%20\%28gest\%C3\%A3o\%29\%20estrat\%C3\%A9gico.pdf}.Acesso em: 15 de outubro 2022},
        year="2022"}
        
@misc{CadeiaDeValor,
         title = "Cadeia de valor: o que é, para que serve e exemplo de aplicação na gestão de processos",
        author={Vinicius Nóbile de Almeida},
        howpublished={Disponível em: \url{https://www.euax.com.br/2019/10/cadeia-de-valor/}.Acesso em: 19 de outubro 2022},
        year="2019"}
        
@misc{CadeiaDeValor1,
         title = "Cadeia de valor: o que é, como fazer, quais são suas etapas e atividades",
        author={Redator Rock Content},
        howpublished={Disponível em: \url{https://rockcontent.com/br/blog/cadeia-de-valor/}.Acesso em: 19 de outubro 2022},
        year="2021"}
        
@misc{KPI,
         title = "O Que é KPI (Key Performance Indicator)? Significado e Definição",
        author={Neil Patel},
        howpublished={Disponível em: \url{https://neilpatel.com/br/blog/tudo-sobre-kpi/}.Acesso em: 11 de novembro 2022},
        year="2022"}